%% This BibTeX bibliography file was created using BibDesk.
%% https://bibdesk.sourceforge.io/

%% Created for Steven Moran at 2023-08-04 16:08:51 +0200 


%% Saved with string encoding Unicode (UTF-8) 



@article{LindblomSundberg1971,
	author = {Lindblom, Bj{\"o}rn and Sundberg, Johan},
	date-added = {2023-08-03 10:57:06 +0200},
	date-modified = {2023-08-04 16:07:29 +0200},
	journal = {The Journal of the Acoustical Society of America},
	number = {4B},
	pages = {1166--1179},
	title = {Acoustical consequences of lip, tongue, jaw, and larynx movement},
	volume = {50},
	year = {1971}}

@book{Catford1977,
	author = {Catford, John Cunnison},
	date-added = {2023-08-02 12:36:19 +0200},
	date-modified = {2023-08-02 12:36:48 +0200},
	publisher = {Edinburgh University Press},
	title = {Fundamental problems in phonetics},
	year = {1977}}

@article{Lindblom1990a,
	author = {Lindblom, Bj{\"o}rn},
	date-added = {2023-08-02 10:55:12 +0200},
	date-modified = {2023-08-02 10:55:41 +0200},
	journal = {Journal of Phonetics},
	number = {2},
	pages = {135--152},
	title = {On the notion of ``possible speech sound''},
	volume = {18},
	year = {1990}}

@article{EvansLevinson2009,
	author = {Evans, Nicholas and Levinson, Stephen C.},
	date-added = {2023-04-12 12:35:24 -0400},
	date-modified = {2023-08-04 16:06:18 +0200},
	journal = {Behavioral and Brain Sciences},
	number = {5},
	pages = {429--448},
	title = {The myth of language universals: Language diversity and its importance for cognitive science},
	volume = {32},
	year = {2009}}

@article{GoodCysouw2013,
	author = {Good, Jeff and Cysouw, Michael},
	date-added = {2023-04-11 16:47:22 -0400},
	date-modified = {2023-08-04 16:04:12 +0200},
	journal = {Language Documentation \& Conservation},
	pages = {331--359},
	title = {Languoid, Doculect, and Glossonym: Formalizing the Notion `Language'},
	volume = {7},
	year = {2013}}

@incollection{Lindblom1990,
	author = {Lindblom, Bj{\"o}rn},
	booktitle = {Speech production and speech modelling},
	date-added = {2023-04-11 16:47:06 -0400},
	date-modified = {2023-04-11 16:47:06 -0400},
	doi = {https://doi.org/10.1007/978-94-009-2037-8_16},
	editor = {Hardcastle, W.J. and Marchal, A.},
	pages = {403--439},
	publisher = {Springer},
	title = {Explaining phonetic variation: A sketch of the H\&H theory},
	year = {1990},
	bdsk-url-1 = {https://doi.org/10.1007/978-94-009-2037-8_16}}

@incollection{Stevens1972,
	author = {Stevens, Kenneth N},
	booktitle = {Human Communication: A Unified View},
	date-added = {2023-04-11 16:46:54 -0400},
	date-modified = {2023-08-04 15:46:56 +0200},
	editor = {David, Edward E and Denes, Peter B},
	publisher = {New York: McGraw-Hill},
	title = {The quantal nature of speech: Evidence from articulatory-acoustic data},
	year = 1972}

@article{Ladefoged_etal1972,
	author = {Ladefoged, Peter and DeClerk, Joseph and Lindau, Mona and Papcun, George},
	date-added = {2023-04-11 16:46:44 -0400},
	date-modified = {2023-08-04 15:18:19 +0200},
	journal = {{UCLA} working papers in phonetics},
	number = {48},
	pages = {48--76},
	title = {An auditory-motor theory of speech production},
	volume = {22},
	year = {1972}}

@article{FirchowFirchow1969,
	author = {Irwin Firchow and Jacqueline Firchow},
	date-added = {2023-04-11 16:46:30 -0400},
	date-modified = {2023-08-04 15:15:46 +0200},
	journal = {Anthropological Linguistics},
	owner = {stiv},
	pages = {271--276},
	timestamp = {2010.08.16},
	title = {An Abbreviated Phoneme Inventory},
	volume = {11},
	year = {1969}}

@article{Boersma2001,
	author = {Boersma, Paul},
	date-added = {2023-04-11 16:46:15 -0400},
	date-modified = {2023-04-11 16:46:15 -0400},
	journal = {Glot International},
	pages = {341--345},
	title = {Praat, a system for doing phonetics by computer},
	volume = {5},
	year = {2001}}

@incollection{Cohn2011,
	author = {Cohn, Abigail},
	booktitle = {Where do phonological features come from? Cognitive, physical and developmental bases of distinctive speech categories},
	date-added = {2023-01-27 21:49:02 -0500},
	date-modified = {2023-01-27 21:49:02 -0500},
	editor = {Clements, G Nick and Ridouane, Rachid},
	pages = {15--42},
	publisher = {John Benjamins Publishing Company},
	title = {Features, segments, and the sources of phonological primitives},
	year = {2011}}

@book{Mielke2008,
	author = {Jeff Mielke},
	date-added = {2023-01-27 20:36:25 -0500},
	date-modified = {2023-01-27 20:36:25 -0500},
	owner = {schwarzwald},
	publisher = {Oxford University Press},
	timestamp = {2009.08.05},
	title = {{The Emergence of Distinctive Features}},
	year = {2008}}

@incollection{Clements2009,
	author = {G. N. Clements},
	booktitle = {Contemporary Views on Architecture and Representations in Phonology},
	editor = {Eric Raimy and Charles E. Cairns},
	pages = {19--68},
	publisher = {MIT Press},
	title = {The Role of Features in Phonological Inventories},
	year = {2009}}

@incollection{MielkeHume2006,
	author = {Jeff Mielke and Elizabeth Hume},
	booktitle = {{Encylopedia of Langauge}},
	date-modified = {2023-08-04 15:32:37 +0200},
	publisher = {Elsevier},
	title = {Distinctive Features},
	year = {2006}}

@book{Sagey1990,
	address = {New York, NY},
	author = {Sagey, Elizabeth},
	publisher = {Garland},
	title = {The Representation of Features in Nonlinear Phonology: The Articulator Node Hierarchy},
	year = {1990}}

@book{JakobsonHalle1956,
	author = {Jakobson, Roman and Halle, Moris},
	publisher = {De Gruyter Mouton},
	title = {Fundamentals of language},
	year = {1956}}

@article{TambovtsevMartindale2007,
	author = {Tambovtsev, Yuri and Martindale, Colin},
	date-modified = {2023-08-04 15:47:20 +0200},
	journal = {SKASE Journal of Theoretical Linguistics},
	number = {2},
	pages = {1--11},
	title = {Phoneme frequencies follow a {Yule} distribution},
	volume = {4},
	year = {2007}}

@article{LaviRotbainArnon2023,
	author = {Lavi-Rotbain, Ori and Arnon, Inbal},
	journal = {Open Mind},
	month = {01},
	pages = {1--30},
	title = {Zipfian Distributions in Child-Directed Speech},
	volume = {7},
	year = {2023}}

@article{Martindale_etal1996,
	author = {Colin Martindale and S. M. Gusein-Zade and Dean McKenzie and Mark Yu. Borodovsky},
	date-modified = {2023-08-04 15:23:45 +0200},
	journal = {Journal of Quantitative Linguistics},
	number = {2},
	pages = {106-112},
	title = {Comparison of equations describing the ranked frequency distributions of graphemes and phonemes},
	volume = {3},
	year = {1996}}

@incollection{Maddieson2008,
	author = {Maddieson, Ian},
	booktitle = {The World Atlas of Language Structures Online},
	editor = {Martin Haspelmath and Matthew S. Dryer and David Gil and Bernard Comrie},
	publisher = {Munich: Max Planck Digital Library},
	title = {Consonant Inventories},
	year = {2008}}

@article{JustesonStephens1984,
	author = {John S. Justeson and Laurence D. Stephens},
	date-added = {2023-01-27 14:30:03 -0500},
	date-modified = {2023-01-27 14:30:03 -0500},
	journal = {Linguistics},
	owner = {stiv},
	pages = {531--545},
	timestamp = {2011.05.12},
	title = {On the Relationship Between the Numbers of Vowels and Consonants in Phonological Systems},
	volume = {22},
	year = {1984}}

@article{Lehfeldt1975,
	author = {Werner Lehfeldt},
	date-added = {2023-01-27 14:29:42 -0500},
	date-modified = {2023-08-04 15:21:59 +0200},
	journal = {Phonetica},
	owner = {stiv},
	pages = {247--287},
	timestamp = {2011.05.12},
	title = {{Die Verteilung der Phonemanzahl in den nat{\"u}rlichen Sprachen}},
	volume = {31},
	year = {1975}}

@book{Hayes2009,
	author = {Bruce Hayes},
	date-added = {2023-01-27 14:28:18 -0500},
	date-modified = {2023-01-27 14:28:18 -0500},
	owner = {stiv},
	publisher = {Blackwell},
	timestamp = {2010.08.08},
	title = {Introductory Phonology},
	year = {2009}}

@incollection{Pagel2000,
	author = {Pagel, Mark},
	booktitle = {The Evolutionary Emergence of Language: Social Function and the Origins of Linguistic Form},
	date-added = {2023-01-27 14:17:09 -0500},
	date-modified = {2023-01-27 20:31:41 -0500},
	editor = {Knight, Chris and Studdert-Kennedy, Michael and Hurford, James},
	pages = {391--416},
	place = {Cambridge},
	publisher = {Cambridge University Press},
	title = {The History, Rate and Pattern of World Linguistic Evolution},
	year = {2000},
	bdsk-url-1 = {https://doi.org/10.1017/CBO9780511606441.023}}

@book{Crystal2002,
	author = {Crystal, David},
	date-added = {2023-01-27 14:13:21 -0500},
	date-modified = {2023-01-27 14:13:44 -0500},
	publisher = {Cambridge University Press},
	title = {Language death},
	year = {2002}}

@article{Everett2018,
	author = {Everett, Caleb},
	date-added = {2023-01-26 15:22:47 -0500},
	date-modified = {2023-08-04 16:06:32 +0200},
	journal = {Language Sciences},
	pages = {125--135},
	title = {The similar rates of occurrence of consonants across the world's languages: A quantitative analysis of phonetically transcribed word lists},
	volume = {69},
	year = {2018}}

@incollection{Maddieson2018,
	author = {Ian Maddieson},
	booktitle = {Phonological typology},
	date-added = {2022-12-07 16:35:43 +0100},
	date-modified = {2022-12-07 16:35:43 +0100},
	editor = {L. Hyman and F. Plank},
	pages = {107--125},
	publisher = {Walter de Gruyter},
	title = {Is phonological typology possible without (universal) categories?},
	year = {2018}}

@incollection{ShermanVihman1972,
	author = {Don Sherman and Marilyn Vihman},
	booktitle = {Working Papers on Language Universals},
	date-added = {2022-12-07 16:33:31 +0100},
	date-modified = {2022-12-07 16:33:31 +0100},
	pages = {163--179},
	publisher = {Stanford University},
	title = {The Language Universals Phonological Archiving Project: 1971--1972},
	volume = {9},
	year = {1972}}

@inproceedings{Moran_etal2022a,
	author = {Moran, Steven, Quentin Gallot, Auriane Le Floch, Marco Maiolini, Adrian Soldati, and Klaus Zuberb{\"u}hler},
	booktitle = {Proceedings of the Joint Conference on Language Evolution (JCoLE)},
	date-added = {2022-12-07 11:53:33 +0100},
	date-modified = {2023-01-27 20:31:41 -0500},
	editor = {Andrea Ravignani and Rie Asano and Daria Valente and Francesco Ferretti and Stefan Hartmann and Misato Hayashi and Yannick Jadoul and Mauricio Martins and Yoshei Oseki and Evelina Daniela Rodrigues and Olga Vasileva and Slawomir Wacewicz},
	pages = {506--513},
	title = {Linguistic laws in primate vocal communication},
	year = {2022},
	bdsk-url-1 = {https://evolang.org/jcole2022/proceedings/jcole2022_proceedings.pdf}}

@incollection{HumeMailhot2013,
	author = {Hume, Elizabeth and Mailhot, Fr{\'e}d{\'e}ric},
	booktitle = {Origins of sound patterns: Approaches to phonologization},
	date-added = {2022-12-07 11:33:01 +0100},
	date-modified = {2022-12-07 11:33:01 +0100},
	editor = {Alan Yu},
	publisher = {Oxford University Press},
	title = {Certainty and Expectation in Phonologization and Language},
	year = {2013}}

@article{Kessinger_etal1997,
	author = {Kessinger, Rachel H and Blumstein, Sheila E},
	date-added = {2022-12-07 11:31:05 +0100},
	date-modified = {2022-12-07 11:31:18 +0100},
	journal = {Journal of Phonetics},
	number = {2},
	pages = {143--168},
	publisher = {Elsevier},
	title = {Effects of speaking rate on voice-onset time in Thai, French, and English},
	volume = {25},
	year = {1997}}

@article{Rosner_etal2000,
	author = {Rosner, Burton S and L{\'o}pez-Bascuas, Luis E and Garc{\'\i}a-Albea, Jos{\'e} E and Fahey, Richard P},
	date-added = {2022-12-07 11:28:49 +0100},
	date-modified = {2022-12-07 11:31:04 +0100},
	journal = {Journal of Phonetics},
	number = {2},
	pages = {217--224},
	publisher = {Elsevier},
	title = {Voice-onset times for Castilian Spanish initial stops},
	volume = {28},
	year = {2000}}

@article{Round2023,
	author = {Erich R. Round},
	date-added = {2022-12-07 11:25:49 +0100},
	date-modified = {2022-12-07 11:26:48 +0100},
	journal = {Linguistic Typology},
	title = {Canonical phonology and criterial conflicts: Relating and resolving four dilemmas of phonological typology},
	year = {2023}}

@article{Newmeyer2010,
	author = {Newmeyer, Frederick J.},
	date-added = {2022-12-07 11:21:54 +0100},
	date-modified = {2022-12-07 11:21:58 +0100},
	journal = {Language},
	number = {3},
	pages = {688--695},
	title = {On comparative concepts and descriptive categories: A reply to Haspelmath},
	volume = {86},
	year = {2010}}

@article{Haspelmath2010,
	author = {Martin Haspelmath},
	date-added = {2022-12-07 11:21:31 +0100},
	date-modified = {2022-12-07 11:21:35 +0100},
	journal = {Language},
	number = {3},
	title = {Comparative concepts and descriptive categories in crosslinguistic studies},
	volume = {86},
	year = {2010}}

@incollection{Kiparsky2018,
	author = {Paul Kiparsky},
	booktitle = {Phonological Typology},
	date-added = {2022-12-07 11:21:00 +0100},
	date-modified = {2022-12-07 11:21:00 +0100},
	editor = {Hyman, Larry M. and Plank, Frans},
	publisher = {De Gruyter Mouton},
	title = {Formal and Empirical Issues in Phonological Typology},
	year = {2018}}

@incollection{Vaux2009,
	author = {Bert Vaux},
	booktitle = {Contemporary Views on Architecture and Representations in Phonology},
	date-added = {2022-12-07 11:20:47 +0100},
	date-modified = {2022-12-07 11:20:47 +0100},
	editor = {Eric Raimy and Charles E. Cairns},
	owner = {stiv},
	publisher = {MIT Press},
	title = {The Role of Features in a Symbolic Theory of Phonology},
	year = {2009}}

@inproceedings{Simpson1999,
	address = {San Francisco, CA},
	author = {Simpson, Adrian P.},
	booktitle = {Proceedings of the XIVth ICPhS},
	date-added = {2022-12-07 11:20:30 +0100},
	date-modified = {2022-12-07 11:20:30 +0100},
	title = {Fundamental Problems in Comparative Phonetics and Phonology. Does UPSID Help to Solve Them?},
	year = {1999},
	bdsk-url-1 = {http://www.personal.uni-jena.de/~x1siad/papers/icphs99_fund.pdf}}

@incollection{Hockett1963,
	address = {Cambridge, MA},
	author = {Hockett, Charles},
	booktitle = {Universals of Language},
	date-added = {2022-12-07 11:20:13 +0100},
	date-modified = {2022-12-07 11:20:18 +0100},
	editor = {Greeberg, Joseph H.},
	publisher = {MIT Press},
	title = {The Problem of Universals in Language},
	year = {1963}}

@article{Chao1934,
	author = {Chao, Yuen-ren},
	date-added = {2022-12-07 11:20:00 +0100},
	date-modified = {2022-12-07 11:20:00 +0100},
	journal = {Academia Sinica (Bulletin of the Institute of History and Philology)},
	title = {The non-uniqueness of phonemic solutions of phonetic systems},
	volume = {4(4)},
	year = {1934}}

@misc{Anderson_etal2021,
	author = {Cormac Anderson and Tiago Tresoldi and Simon J. Greenhill and Robert Forkel and Russell D. Gray and Johann-Mattis List},
	date-added = {2022-12-07 11:17:41 +0100},
	date-modified = {2023-01-27 20:31:41 -0500},
	howpublished = {PREPRINT (Version 1) available at Research Square},
	title = {Measuring variation in phoneme inventories},
	year = {2021},
	bdsk-url-1 = {https://doi.org/10.21203/rs.3.rs-891645/v1}}

@article{Macklin-CordesRound2020,
	author = {Macklin-Cordes, Jayden L and Round, Erich R},
	date-added = {2022-12-07 11:16:15 +0100},
	date-modified = {2023-08-04 16:07:40 +0200},
	journal = {Frontiers in Psychology},
	pages = {570895},
	title = {Re-evaluating phoneme frequencies},
	volume = {11},
	year = {2020}}

@book{Stetson1951,
	author = {Stetson, R},
	date-added = {2022-12-07 11:14:33 +0100},
	date-modified = {2022-12-07 11:14:33 +0100},
	publisher = {Amsterdam: North Holland},
	title = {Motor Phonetics: a study of speech movements in articulation},
	year = {1951}}

@incollection{Wright2004,
	address = {Cambridge, UK},
	author = {Wright, Richard A.},
	booktitle = {Phonetically Based Phonology},
	date-added = {2022-12-07 11:14:03 +0100},
	date-modified = {2022-12-07 11:14:03 +0100},
	editor = {B. Hayes, R.Kirchner, and D.Steriade},
	owner = {schwarzwald},
	pages = {34-57},
	publisher = {Cambridge University Press},
	timestamp = {2009.07.21},
	title = {A review of perceptual cues and cue robustness},
	year = {2004}}

@article{Delattre_etal1955,
	author = {Delattre, Pierre C and Liberman, Alvin M and Cooper, Franklin S},
	date-added = {2022-12-07 11:13:45 +0100},
	date-modified = {2022-12-07 11:13:45 +0100},
	journal = {The Journal of the Acoustical Society of America},
	number = {4},
	pages = {769--773},
	publisher = {Acoustical Society of America},
	title = {Acoustic Loci and Transitional Cues for Consonants},
	volume = {27},
	year = {1955}}

@book{ChomskyHalle1968,
	address = {New York, NY},
	author = {Noam Chomsky and Morris Halle},
	date-added = {2022-12-07 11:13:32 +0100},
	date-modified = {2022-12-07 11:13:32 +0100},
	owner = {stiv},
	publisher = {Harper \& Row},
	timestamp = {2009.12.17},
	title = {The Sound Pattern of {English}},
	year = {1968}}

@article{Sapir1925,
	author = {Sapir, Edward},
	date-added = {2022-12-07 11:13:18 +0100},
	date-modified = {2022-12-07 11:13:18 +0100},
	journal = {Language},
	number = {2},
	owner = {stiv},
	pages = {37--51},
	publisher = {Linguistic Society of America},
	timestamp = {2009.12.17},
	title = {Sound Patterns in Language},
	volume = {1},
	year = {1925}}

@book{Hockett1955,
	author = {C. F. Hockett},
	date-added = {2022-12-07 11:13:03 +0100},
	date-modified = {2022-12-07 11:13:03 +0100},
	owner = {stiv},
	publisher = {Indiana University},
	timestamp = {2009.12.16},
	title = {A Manual of Phonology},
	year = {1955}}

@article{Twadell1935,
	author = {W. Freeman Twaddell},
	date-added = {2022-12-07 11:12:28 +0100},
	date-modified = {2022-12-07 11:12:28 +0100},
	journal = {Language},
	number = {1},
	pages = {5--62},
	title = {On Defining the Phoneme},
	volume = {11},
	year = {1935}}

@incollection{Barry2006,
	author = {W.J. Barry},
	booktitle = {Encyclopedia of Language and Linguistics},
	date-added = {2022-12-07 11:12:12 +0100},
	date-modified = {2022-12-07 11:12:12 +0100},
	publisher = {Elsevier},
	title = {Phoneme},
	year = {2006}}

@article{Dresher2011,
	author = {Dresher, B. Elan},
	date-added = {2022-12-07 11:11:36 +0100},
	date-modified = {2022-12-07 11:11:36 +0100},
	journal = {The Blackwell companion to phonology},
	pages = {241--266},
	title = {The phoneme},
	volume = {1},
	year = {2011}}

@book{Fischer1975,
	address = {Copenhagen},
	author = {Fischer-J{\"o}rgensen, Eli},
	date-added = {2022-12-07 11:11:33 +0100},
	date-modified = {2022-12-07 11:11:33 +0100},
	publisher = {Akademisk Forlag},
	title = {Trends in phonological theory: A historical introduction},
	year = {1975}}

@incollection{Whalen2019,
	author = {Douglas H. Whalen},
	booktitle = {Oxford Research Encyclopedia of Linguistics},
	date-added = {2022-12-07 11:08:59 +0100},
	date-modified = {2023-01-27 20:31:41 -0500},
	publisher = {Oxford University Press},
	title = {Phonetics},
	year = {2016},
	bdsk-url-1 = {https://oxfordre.com/linguistics/view/10.1093/acrefore/9780199384655.001.0001/acrefore-9780199384655-e-55},
	bdsk-url-2 = {https://doi.org/10.1093/acrefore/9780199384655.013.55}}

@article{Joos1948,
	author = {Martin Joos},
	date-added = {2022-12-07 11:03:46 +0100},
	date-modified = {2023-08-04 15:17:42 +0200},
	journal = {Language},
	number = {2},
	pages = {5--136},
	title = {Acoustic Phonetics},
	volume = {24},
	year = {1948},
	bdsk-url-1 = {http://www.jstor.org/stable/522229}}

@incollection{Huffman2016,
	author = {Marie K. Huffman},
	booktitle = {Oxford Research Encyclopedia of Linguistics},
	date-added = {2022-12-07 10:58:35 +0100},
	date-modified = {2023-01-27 20:31:41 -0500},
	publisher = {Oxford University Press},
	title = {Articulatory Phonetics},
	year = {2016},
	bdsk-url-1 = {https://oxfordre.com/linguistics/view/10.1093/acrefore/9780199384655.001.0001/acrefore-9780199384655-e-55},
	bdsk-url-2 = {https://doi.org/10.1093/acrefore/9780199384655.013.55}}

@article{Potter1945,
	author = {Potter, Ralph K},
	date-added = {2022-12-07 10:57:03 +0100},
	date-modified = {2023-08-04 15:44:43 +0200},
	journal = {Science},
	number = {2654},
	pages = {463--470},
	title = {Visible patterns of sound},
	volume = {102},
	year = {1945}}

@article{Hockett1995-phoneme,
	author = {Hockett, Charles F.},
	date-added = {2022-12-04 13:38:28 +0100},
	date-modified = {2022-12-04 13:38:28 +0100},
	journal = {Id{\'e}ologies dans le Monde Anglo-Saxon},
	pages = {5--50},
	title = {The Birth and Deaths of the Phoneme},
	volume = {8},
	year = {1995}}

@article{BrantsFranz2006,
	author = {Brants, Thorsten and Franz, Alex},
	date-added = {2022-10-02 15:09:55 +0200},
	date-modified = {2023-01-27 20:31:41 -0500},
	journal = {Linguistic Data Consortium, Philadelphia},
	title = {{Web 1T 5-gram Version 1 (2006)}},
	year = {2006},
	bdsk-url-1 = {https://doi.org/10.35111/cqpa-a498}}

@article{Semple_etal2021,
	author = {Semple, Stuart and Ferrer-i-Cancho, Ramon and Gustison, Morgan L},
	date-added = {2022-10-02 12:14:43 +0200},
	date-modified = {2023-01-27 20:31:41 -0500},
	journal = {Trends in Ecology \& Evolution},
	number = {1},
	pages = {53--66},
	publisher = {Elsevier},
	title = {Linguistic laws in biology},
	volume = {37},
	year = {2021},
	bdsk-url-1 = {https://doi.org/10.1016/j.tree.2021.08.012}}

@article{Chao_etal2009,
	author = {Chao, Anne and Colwell, Robert K and Lin, Chih-Wei and Gotelli, Nicholas J},
	date-added = {2022-09-26 15:06:44 +0200},
	date-modified = {2022-09-26 15:06:54 +0200},
	journal = {Ecology},
	number = {4},
	pages = {1125--1133},
	publisher = {Wiley Online Library},
	title = {Sufficient sampling for asymptotic minimum species richness estimators},
	volume = {90},
	year = {2009}}

@article{CysouwGood2013,
	author = {Good, Jeff and Cysouw, Michael},
	date-added = {2022-09-26 14:16:41 +0200},
	date-modified = {2023-08-04 16:03:54 +0200},
	journal = {Language Documentation \& Conservation},
	pages = {331--360},
	title = {Languoid, doculect, and glossonym: Formalizing the notion `language'},
	volume = {7},
	year = {2013},
	bdsk-url-1 = {http://hdl.handle.net/10125/4606}}

@manual{ggpubr,
	author = {Alboukadel Kassambara},
	date-added = {2022-08-03 09:47:48 +0200},
	date-modified = {2023-08-04 16:01:01 +0200},
	note = {R package version 0.4.0},
	title = {ggpubr: `ggplot2' Based Publication Ready Plots},
	year = {2020},
	bdsk-url-1 = {https://CRAN.R-project.org/package=ggpubr}}

@incollection{Naumann2013,
	author = {Christfried Naumann},
	booktitle = {Lone Tree -- Scholarship in the Service of the {Koon}: Essays in Memory of {Anthony T. Traill}},
	date-added = {2022-08-01 14:48:49 +0200},
	date-modified = {2023-08-04 16:01:55 +0200},
	editor = {Rainer Vo{\ss}en and Wilfrid H. G. Haacke},
	publisher = {R{\"u}diger {K\"oppe} Verlag},
	title = {The Phoneme Inventory of {Taa} ({West !Xoon} Dialect)},
	year = {2013}}

@incollection{GotelliChao2013,
	author = {Gotelli, Nicholas J and Chao, Anne},
	booktitle = {Encyclopedia of Biodiversity},
	date-added = {2022-08-01 14:37:55 +0200},
	date-modified = {2023-01-27 20:31:41 -0500},
	editor = {Simon A Levin},
	pages = {195--211},
	publisher = {Elsevier},
	title = {Measuring and estimating species richness, species diversity, and biotic similarity from sampling data},
	year = {2013},
	bdsk-url-1 = {https://doi.org/10.1016/B978-0-12-384719-5.00424-X}}

@article{Kornai2002,
	abstract = {The commonsensical assumption that any language has only finitely many words is shown to be false by a combination of formal and empirical arguments. Zipf's Law and related formulas are investigated and a more complex model is offered.},
	author = {Kornai, Andr{\'{a}}s},
	date-added = {2022-06-29 15:29:51 +0200},
	date-modified = {2022-06-29 15:29:51 +0200},
	file = {:home/marco/.var/app/com.elsevier.MendeleyDesktop/data/data/Mendeley Ltd./Mendeley Desktop/Downloaded/Kornai - 2002 - How many words are there.pdf:pdf},
	journal = {Glottometrics},
	keywords = {Vocabulary size,Zipf´s law},
	pages = {61--86},
	title = {{How many words are there?}},
	volume = {4},
	year = {2002}}

@book{Herdan1960,
	author = {Herdan, Gustav},
	date-added = {2022-06-29 15:29:38 +0200},
	date-modified = {2022-06-29 15:29:38 +0200},
	publisher = {Mouton},
	title = {Type-token mathematics},
	year = {1960}}

@article{Heesen_etal2019,
	author = {Heesen, Raphaela and Hobaiter, Catherine and Ferrer-i-Cancho, Ramon and Semple, Stuart},
	date-added = {2021-09-30 16:59:23 +0200},
	date-modified = {2021-09-30 16:59:34 +0200},
	journal = {Proceedings of the Royal Society B},
	number = {1896},
	pages = {20182900},
	publisher = {The Royal Society},
	title = {Linguistic laws in chimpanzee gestural communication},
	volume = {286},
	year = {2019}}

@misc{BastrakovaGarcia2016,
	author = {Ekaterina Bastrakova and Saul Garcia},
	date-added = {2021-09-30 16:52:46 +0200},
	date-modified = {2023-08-04 15:58:20 +0200},
	howpublished = {Online: \url{https://rstudio-pubs-static.s3.amazonaws.com/215309_736f5cc00eea4bb9be5a8c566da2beb6.html}},
	title = {Zipf's and {Heap's} Law},
	year = {2016}}

@incollection{ChaoChiu2016,
	author = {Chao, Anne and Chiu, Chun-Huo},
	booktitle = {{Wiley StatsRef: Statistics Reference Online}},
	date-added = {2021-09-30 16:40:06 +0200},
	date-modified = {2023-08-04 16:03:23 +0200},
	pages = {1--26},
	publisher = {John Wiley \& Sons},
	title = {Species richness: estimation and comparison},
	year = {2016}}

@article{Milivcka2009,
	author = {Mili{\v{c}}ka, Ji{\v{r}}i},
	date-added = {2021-09-20 12:34:08 +0300},
	date-modified = {2023-08-04 15:32:46 +0200},
	journal = {Glottotheory},
	number = {1},
	pages = {99--110},
	title = {Type-token \& hapax-token relation: A combinatorial model},
	volume = {2},
	year = {2009}}

@inproceedings{Kornai1999,
	author = {Andr\'as Kornai},
	booktitle = {Proceedings of the Sixth Meeting on Mathematics of Language},
	date-added = {2021-09-20 12:06:14 +0300},
	date-modified = {2021-09-20 12:06:21 +0300},
	editor = {J. Rogers},
	pages = {347--356},
	publisher = {University of Central Florida},
	title = {Zipf's law outside the middle range},
	year = {1999a}}

@incollection{AltmannGerlach2015,
	author = {Altmann, Eduardo G and Gerlach, Martin},
	booktitle = {Creativity and universality in language},
	date-added = {2021-09-20 12:00:35 +0300},
	date-modified = {2021-09-20 12:00:42 +0300},
	pages = {7--26},
	publisher = {Springer},
	title = {Statistical laws in linguistics},
	year = {2016}}

@article{Debowski2006,
	author = {De{\c{}} bowski, {\L}ukasz},
	date-added = {2021-09-20 11:58:03 +0300},
	date-modified = {2021-09-20 11:58:59 +0300},
	journal = {Journal of Quantitative Linguistics},
	number = {01},
	pages = {81--109},
	publisher = {Taylor \& Francis},
	title = {On Hilberg's law and its links with Guiraud's law},
	volume = {13},
	year = {2006}}

@book{Heaps1978,
	author = {Heaps, Harold Stanley},
	date-added = {2021-09-20 11:47:48 +0300},
	date-modified = {2021-09-20 11:47:54 +0300},
	publisher = {Academic Press},
	title = {Information retrieval, computational and theoretical aspects},
	year = {1978}}

@book{Herdan1964,
	author = {Herdan, Gustav},
	date-added = {2021-09-20 11:47:14 +0300},
	date-modified = {2023-08-04 16:00:40 +0200},
	publisher = {London: Butterworth},
	title = {Quantitative linguistics},
	year = {1964}}

@article{Egghe2007,
	author = {Egghe, Leo},
	date-added = {2021-09-20 11:40:10 +0300},
	date-modified = {2023-08-04 16:05:50 +0200},
	journal = {Journal of the American Society for Information Science and Technology},
	number = {5},
	pages = {702--709},
	title = {Untangling {Herdan's} law and {Heaps'} law: Mathematical and informetric arguments},
	volume = {58},
	year = {2007}}

@article{BaezaNavarro2000,
	author = {Baeza--Yates, Ricardo and Navarro, Gonzalo},
	date-added = {2021-09-20 10:59:44 +0300},
	date-modified = {2023-08-04 15:58:59 +0200},
	journal = {Journal of the American Society for Information Science},
	number = {1},
	pages = {69--82},
	title = {Block addressing indices for approximate text retrieval},
	volume = {51},
	year = {2000}}

@article{vanLeijenhorst2005,
	author = {van Leijenhorst, Dick C and Van der Weide, Th P},
	date-added = {2021-09-20 10:58:50 +0300},
	date-modified = {2023-08-04 15:19:38 +0200},
	journal = {Information Sciences},
	number = {2-4},
	pages = {263--272},
	title = {A formal derivation of {Heaps'} Law},
	volume = {170},
	year = {2005}}

@phdthesis{Moran2012,
	author = {Moran, Steven},
	date-added = {2021-09-20 09:46:16 +0300},
	date-modified = {2023-01-27 20:31:41 -0500},
	school = {University of Washington},
	title = {{Phonetics Information Base and Lexicon}},
	year = {2012},
	bdsk-url-1 = {https://digital.lib.washington.edu/researchworks/handle/1773/22452}}

@incollection{Cysouw2010,
	author = {Michael Cysouw},
	booktitle = {The Mathematics of Language},
	date-added = {2021-09-20 09:45:20 +0300},
	date-modified = {2021-09-20 09:45:20 +0300},
	editor = {Christian Ebert and Gerhard J{\"a}ger and Jens Michaelis},
	owner = {stiv},
	pages = {29--35},
	publisher = {Berlin: Springer},
	timestamp = {2011.05.12},
	title = {{On the Probability Distribution of Typological Frequencies}},
	year = {2010}}

@book{Snyman1970,
	address = {Capetown},
	author = {Snyman, J. W.},
	date-added = {2021-09-19 12:57:34 +0300},
	date-modified = {2021-09-19 12:57:34 +0300},
	iso_code = {ktz},
	keywords = {Ju|'hoan},
	olac_field = {typology},
	publisher = {A. A. Balkema},
	refdb_id = {http://wals.info/refdb/record/788},
	title = {{An Introduction to the !Xu (!Kung) Language}},
	wals_code = {juh},
	year = {1970}}

@book{Snyman1975,
	address = {Cape Town},
	author = {Snyman, J. W.},
	date-added = {2021-09-19 12:57:34 +0300},
	date-modified = {2023-08-04 15:45:53 +0200},
	iso_code = {ktz},
	keywords = {Ju|'hoan},
	olac_field = {general_linguistics},
	publisher = {A. A. Balkema},
	refdb_id = {http://wals.info/refdb/record/789},
	title = {{Zu|'hoasi Fonologie en Woordeboek}},
	wals_code = {juh},
	year = {1975}}

@book{Moran_etal2014,
	address = {Leipzig},
	date-added = {2021-09-19 12:48:26 +0300},
	date-modified = {2023-01-27 20:31:41 -0500},
	editor = {Steven Moran and Daniel McCloy and Richard Wright},
	publisher = {Max Planck Institute for Evolutionary Anthropology},
	title = {{PHOIBLE} Online},
	year = {2014},
	bdsk-url-1 = {http://phoible.org/},
	bdsk-url-2 = {http://doi.org/10.5281/zenodo.2562767}}

@article{lmerTest,
	author = {Alexandra Kuznetsova and Per B. Brockhoff and Rune H. B. Christensen},
	date-added = {2021-09-19 10:46:46 +0300},
	date-modified = {2023-01-27 20:31:41 -0500},
	journal = {Journal of Statistical Software},
	number = {13},
	pages = {1--26},
	title = {{lmerTest} Package: Tests in Linear Mixed Effects Models},
	volume = {82},
	year = {2017},
	bdsk-url-1 = {https://doi.org/10.18637/jss.v082.i13}}

@incollection{MaddiesonPrecoda1990,
	author = {Ian Maddieson and Kristin Precoda},
	booktitle = {UCLA Working Papers in Phonetics},
	date-added = {2021-09-19 10:45:55 +0300},
	date-modified = {2023-08-04 15:23:05 +0200},
	pages = {104--111},
	publisher = {Department of Linguistics, UCLA},
	title = {{Updating UPSID}},
	volume = {74},
	year = {1990}}

@book{Maddieson1984,
	address = {Cambridge},
	author = {Maddieson, Ian},
	date-added = {2021-09-19 10:43:45 +0300},
	date-modified = {2021-09-19 10:43:51 +0300},
	publisher = {Cambridge University Press},
	title = {Patterns of sounds},
	year = {1984}}

@book{MoranMcCloy2019,
	address = {Jena},
	date-added = {2021-09-19 10:43:18 +0300},
	date-modified = {2023-01-27 20:31:41 -0500},
	editor = {Steven Moran and Daniel McCloy},
	publisher = {Max Planck Institute for the Science of Human History},
	title = {{PHOIBLE 2.0}},
	year = {2019},
	bdsk-url-1 = {http://phoible.org/},
	bdsk-url-2 = {https://doi.org/10.5281/zenodo.2562766}}

@article{Torre2019,
	author = {Torre, Iv{\'a}n G and Luque, Bartolo and Lacasa, Lucas and Kello, Christopher T and Hern{\'a}ndez-Fern{\'a}ndez, Antoni},
	date-added = {2021-09-19 10:31:54 +0300},
	date-modified = {2021-09-19 10:32:02 +0300},
	journal = {Royal Society open science},
	number = {8},
	pages = {191023},
	publisher = {The Royal Society},
	title = {On the physical origin of linguistic laws and lognormality in speech},
	volume = {6},
	year = {2019}}

@article{Torre_etal2017,
	author = {Torre, Iv{\'a}n Gonz{\'a}lez and Luque, Bartolo and Lacasa, Lucas and Luque, Jordi and Hern{\'a}ndez-Fern{\'a}ndez, Antoni},
	date-added = {2021-09-19 10:31:42 +0300},
	date-modified = {2021-09-19 10:31:49 +0300},
	journal = {Scientific reports},
	number = {1},
	pages = {1--10},
	publisher = {Nature Publishing Group},
	title = {Emergence of linguistic laws in human voice},
	volume = {7},
	year = {2017}}

@book{Zipf1949,
	address = {New York},
	author = {Zipf, George Kingsley},
	date-added = {2021-09-18 11:56:15 +0300},
	date-modified = {2021-09-18 11:56:43 +0300},
	publisher = {Addison-Wesley},
	title = {Human behavior and the principle of least effort},
	year = {1949}}

@book{Zipf1936,
	address = {London},
	author = {Zipf, George Kingsley},
	date-added = {2021-09-18 11:55:06 +0300},
	date-modified = {2021-09-18 11:55:40 +0300},
	publisher = {Routledge},
	title = {The psychobiology of language},
	year = {1936}}

@article{Serra-Peralta_etal2021,
	author = {Serra-Peralta, Marc and Serr{\`a}, Joan and Corral, {\'A}lvaro},
	date-added = {2021-09-17 09:46:38 +0300},
	date-modified = {2021-09-17 09:46:51 +0300},
	journal = {arXiv preprint arXiv:2104.04143},
	title = {Heaps' Law and Vocabulary Richness in the History of Classical Music Harmony},
	year = {2021}}

@article{Piantadosi2014,
	author = {Piantadosi, Steven T},
	date-added = {2021-09-17 09:44:48 +0300},
	date-modified = {2023-08-04 15:44:29 +0200},
	journal = {Psychonomic Bulletin \& Review},
	number = {5},
	pages = {1112--1130},
	title = {Zipf's word frequency law in natural language: A critical review and future directions},
	volume = {21},
	year = {2014}}

@article{GotelliColwell2011,
	author = {Gotelli, Nicholas J and Colwell, Robert K},
	date-added = {2021-09-17 09:28:38 +0300},
	date-modified = {2021-09-17 09:28:38 +0300},
	journal = {Biological diversity: frontiers in measurement and assessment},
	number = {39-54},
	pages = {35},
	title = {Estimating species richness},
	volume = {12},
	year = {2011}}

@article{testthat,
	author = {Hadley Wickham},
	date-added = {2021-09-17 09:28:33 +0300},
	date-modified = {2023-01-27 20:31:41 -0500},
	journal = {The R Journal},
	pages = {5--10},
	title = {testthat: Get Started with Testing},
	volume = {3},
	year = {2011},
	bdsk-url-1 = {https://journal.r-project.org/archive/2011-1/RJournal_2011-1_Wickham.pdf}}

@article{kirby2016d,
	author = {Kathryn R. Kirby and Russell D. Gray and Simon J. Greenhill and Fiona M. Jordan and Stephanie Gomes-Ng and Hans-J{\"o}rg Bibiko and Dami{\'a}n E. Blasi and Carlos A. Botero and Claire Bowern and Carol R. Ember and Dan Leehr and Bobbi S. Low and Joe McCarter and William Divale and Michael C. Gavin},
	date-added = {2021-09-17 09:28:24 +0300},
	date-modified = {2021-09-17 09:28:24 +0300},
	journal = {PLoS ONE},
	number = {7},
	pages = {e0158391},
	publisher = {Public Library of Science San Francisco, CA USA},
	title = {{D-PLACE}: A global database of cultural, linguistic and environmental diversity},
	volume = {11},
	year = {2016}}

@manual{R,
	address = {Vienna, Austria},
	author = {{R Core Team}},
	date-added = {2021-09-17 09:28:16 +0300},
	date-modified = {2023-01-27 20:31:41 -0500},
	organization = {R Foundation for Statistical Computing},
	title = {R: A Language and Environment for Statistical Computing},
	year = {2021},
	bdsk-url-1 = {https://www.R-project.org/}}

@manual{knitr,
	author = {Yihui Xie},
	date-added = {2021-09-17 09:28:11 +0300},
	date-modified = {2023-01-27 20:31:41 -0500},
	note = {R package version 1.34},
	title = {knitr: A General-Purpose Package for Dynamic Report Generation in R},
	year = {2021},
	bdsk-url-1 = {https://yihui.org/knitr/}}

@book{phoible,
	address = {Jena},
	date-added = {2021-09-17 09:28:05 +0300},
	date-modified = {2023-01-27 20:31:41 -0500},
	editor = {Steven Moran and Daniel McCloy},
	publisher = {Max Planck Institute for the Science of Human History},
	title = {{PHOIBLE} 2.0},
	year = {2019},
	bdsk-url-1 = {https://phoible.org/}}

@article{tidyverse,
	author = {Hadley Wickham and Mara Averick and Jennifer Bryan and Winston Chang and Lucy D'Agostino McGowan and Romain Fran{\c c}ois and Garrett Grolemund and Alex Hayes and Lionel Henry and Jim Hester and Max Kuhn and Thomas Lin Pedersen and Evan Miller and Stephan Milton Bache and Kirill M{\"u}ller and Jeroen Ooms and David Robinson and Dana Paige Seidel and Vitalie Spinu and Kohske Takahashi and Davis Vaughan and Claus Wilke and Kara Woo and Hiroaki Yutani},
	date-modified = {2023-01-27 20:31:41 -0500},
	journal = {Journal of Open Source Software},
	number = {43},
	pages = {1686},
	title = {Welcome to the {tidyverse}},
	volume = {4},
	year = {2019},
	bdsk-url-1 = {https://doi.org/10.21105/joss.01686}}
